@article{simonyan2014very,
  title={Very deep convolutional networks for large-scale image recognition},
  author={Simonyan, Karen and Zisserman, Andrew},
  journal={arXiv},
  year={2014}
}

@article{manessi2017automated,
  title={Automated Pruning for Deep Neural Network Compression},
  author={Manessi, Franco and others},
  journal={arXiv},
  year={2017}
}

@article{han2015deep,
  title={Deep compression: Compressing deep neural networks with pruning, trained quantization and huffman coding},
  author={Han, Song and Mao, Huizi and Dally, William J},
  journal={arXiv preprint arXiv:1510.00149},
  year={2015}
}

@misc{imagenet2012,
   author = {IMAGENET},
   year = {2012},
   title = {{Large Scale Visual Recognition Challenge 2012}},
   howpublished = {\url{http://www.image-net.org/challenges/LSVRC/2012/}}
}
