@misc{mobilestat,
   author = {Smart Insights},
   year = {2016},
   title = {{Mobile Marketing Statistics compilation}},
   howpublished = {\url{http://www.smartinsights.com/mobile-marketing/mobile-marketing-analytics/mobile-marketing-statistics/}}
}

@misc{arm,
   title = {big.LITTLE Technology},
   howpublished = {\url{http://www.arm.com/products/processors/technologies/biglittleprocessing}}
}

@article{d2016energy,
  title={Energy consumption and privacy in mobile Web browsing: Individual issues and connected solutions},
  author={D¡¯Ambrosio, Salvatore and De Pasquale, Salvatore and Iannone, Gerardo and Malandrino, Delfina and Negro, Alberto and Patimo, Giovanni and Scarano, Vittorio and Spinelli, Raffaele},
  journal={Sustainable Computing: Informatics and Systems},
  year={2016},
}

@inproceedings{thiagarajan2012killed,
  title={Who killed my battery?: analyzing mobile browser energy consumption},
  Longauthor={Thiagarajan, Narendran and Aggarwal, Gaurav and Nicoara, Angela and Boneh, Dan and Singh, Jatinder Pal},
  author={Thiagarajan, Narendran and others},
  booktitle={WWW '12},
}

@inproceedings{zhu2015event,
  title={Event-based scheduling for energy-efficient qos (eqos) in mobile web applications},
  author={Zhu, Yuhao and Halpern, Matthew and Reddi, Vijay Janapa},
  booktitle={HPCA '15},
}

@inproceedings{YZhu13,
 author = {Zhu, Yuhao and Reddi, Vijay Janapa},
 title = {High-performance and Energy-efficient Mobile Web Browsing on Big/Little Systems},
 booktitle = {HPCA '13},
}

@misc{governor,
   title = {Android CPUFreq Governors},
   howpublished = {\url{http://goo.gl/Mlr9U1}}
}

@misc{kotsiantis2007supervised,
  title={Supervised machine learning: A review of classification techniques},
  author={Kotsiantis, Sotiris B and Zaharakis, I and Pintelas, P},
  year={2007}
}

@book{vapnik1998statistical,
  title={Statistical learning theory},
  author={Vapnik, Vladimir Naumovich and Vapnik, Vlamimir},
  volume={1},
  year={1998},
}

@misc{alexa,
   title = {Alexa},
   howpublished = {\url{http://www.alexa.com/topsites}}
}

@misc{cputhrottling,
   title = {Intel powerclamp driver},
   howpublished = {\url{https://www.kernel.org/doc/Documentation/thermal}}
}

@misc{imes2015bard,
  title={Bard: A Unified Framework for Managing Soft Timing and Power Constraints},
  author={Imes, Connor and Hoffmann, Henry},
  year={2015},
  publisher={Submission}
}


@inproceedings{wang2012far,
  title={How far can client-only solutions go for mobile browser speed?},
  author={Wang, Zhen and Lin, Felix Xiaozhu and Zhong, Lin and Chishtie, Mansoor},
  booktitle={WWW '12},

}

@inproceedings{qian2012web,
  title={Web caching on smartphones: ideal vs. reality},
  author={Qian, Feng and Quah, Kee Shen and Huang, Junxian and Erman, Jeffrey and Gerber, Alexandre and Mao, Zhuoqing and Sen, Subhabrata and Spatscheck, Oliver},
  booktitle={MobiSys '12},
}

@inproceedings{qian2014characterizing,
  title={Characterizing resource usage for mobile web browsing},
  author={Qian, Feng and Sen, Subhabrata and Spatscheck, Oliver},
  booktitle={MobiSys '14},
}

@article{zhao2015energy,
  title={Energy-aware web browsing on smartphones},
  author={Zhao, Bo and Hu, Wenjie and Zheng, Qiang and Cao, Guohong},
  journal={IEEE TPDS},
  year={2015},
}

@inproceedings{mai2012case,
  title={A case for parallelizing web pages},
  author={Mai, Haohui and Tang, Shuo and King, Samuel T and Cascaval, Calin and Montesinos, Pablo},
  booktitle={4th USENIX Workshop on Hot Topics in Parallelism},
  year={2012}
}

@misc{chrome,
   title = {{Chrome},
   howpublished = {\url{https://www.google.com/chrome/}}
}

@inproceedings{badea2010towards,
  title={Towards parallelizing the layout engine of firefox},
  author={Badea, Carmen and Haghighat, Mohammad R and Nicolau, Alexandru and Veidenbaum, Alexander V},
  booktitle = {HotPar'10},
}

@inproceedings{meyerovich2010fast,
  title={Fast and parallel webpage layout},
  author={Meyerovich, Leo A and Bodik, Rastislav},
  booktitle={WWW '10},
}

@inproceedings{cascaval2013zoomm,
  title={ZOOMM: a parallel web browser engine for multicore mobile devices},
  author={Cascaval, Calin and Fowler, Seth and Montesinos-Ortego, Pablo and Piekarski, Wayne and Reshadi, Mehrdad and Robatmili, Behnam and Weber, Michael and Bhavsar, Vrajesh},
  booktitle={ACM SIGPLAN Notices},
  year={2013},
}


@misc{nicoara2015system,
  title={System for analyzing mobile browser energy consumption},
  author={Nicoara, Angela and Thiagarajan, Narendan and Aggarwal, Gaurav and Boneh, Dan},
  year={2015},
  month=mar # "~3",
  publisher={Google Patents},
  note={US Patent 8,971,819}
}


@article{dong2012chameleon,
  title={Chameleon: a color-adaptive web browser for mobile OLED displays},
  author={Dong, Mian and Zhong, Lin},
  journal={IEEE Transactions on Mobile Computing},
  year={2012},
}

@inproceedings{gember2011comparative,
  title={A comparative study of handheld and non-handheld traffic in campus Wi-Fi networks},
  author={Gember, Aaron and Anand, Ashok and Akella, Aditya},
  booktitle={International Conference on Passive and Active Network Measurement},
  year={2011},
}

@inproceedings{hu2014energy,
  title={Energy optimization through traffic aggregation in wireless networks},
  author={Hu, Wenjie and Cao, Guohong},
  booktitle={IEEE INFOCOM '14},
}



@inproceedings{li2016automated,
  title={Automated energy optimization of HTTP requests for mobile applications},
  author={Li, Ding and Lyu, Yingjun and Gui, Jiaping and Halfond, William GJ},
  booktitle={Proceedings of the 38th International Conference on Software Engineering},
  pages={249--260},
  year={2016},
  organization={ACM}
}


@inproceedings{zhao2011reducing,
  title={Reducing the delay and power consumption of web browsing on smartphones in 3G networks},
  author={Zhao, Bo and Tak, Byung Chul and Cao, Guohong},
  booktitle={Distributed Computing Systems (ICDCS), 2011 31st International Conference on},
  pages={413--422},
  year={2011},
  organization={IEEE}
}

@inproceedings{zhang2002task,
  title={Task scheduling and voltage selection for energy minimization},
  author={Zhang, Yumin and Hu, Xiaobo Sharon and Chen, Danny Z},
  booktitle={Proceedings of the 39th annual Design Automation Conference},
  pages={183--188},
  year={2002},
  organization={ACM}
}

@article{eyerman2010probabilistic,
  title={Probabilistic job symbiosis modeling for SMT processor scheduling},
  author={Eyerman, Stijn and Eeckhout, Lieven},
  journal={ACM Sigplan Notices},
  volume={45},
  number={3},
  year={2010},
}

@article{augonnet2011starpu,
  title={StarPU: a unified platform for task scheduling on heterogeneous multicore architectures},
  author={Augonnet, C{\'e}dric and Thibault, Samuel and Namyst, Raymond and Wacrenier, Pierre-Andr{\'e}},
  journal={Concurrency and Computation: Practice and Experience},
  volume={23},
  year={2011},
}

@inproceedings{singh2013mapping,
  title={Mapping on multi/many-core systems: survey of current and emerging trends},
  author={Singh, Amit Kumar and Shafique, Muhammad and Kumar, Akash and Henkel, J{\"o}rg},
  booktitle={DAC '13},
}


@inproceedings{grewe2011static,
  title={A static task partitioning approach for heterogeneous systems using OpenCL},
  author={Grewe, Dominik and O隆炉Boyle, Michael FP},
  booktitle={CC '11},
}

@inproceedings{wen2014smart,
  title={Smart multi-task scheduling for OpenCL programs on CPU/GPU heterogeneous platforms},
  author={Wen, Yuan and Wang, Zheng and O'Boyle, Michael FP},
  booktitle={HiPC '14},
}

@inproceedings{emani2013smart,
  title={Smart, adaptive mapping of parallelism in the presence of external workload},
  author={Emani, Murali Krishna and Wang, Zheng and O'Boyle, Michael FP},
  booktitle={CGO '13},
}

@inproceedings{shye2009into,
  title={Into the wild: studying real user activity patterns to guide power optimizations for mobile architectures},
  author={Shye, Alex and Scholbrock, Benjamin and Memik, Gokhan},
  booktitle={Micro '09},
}

@inproceedings{berral2011adaptive,
  title={Adaptive scheduling on power-aware managed data-centers using machine learning},
  author={Berral, Josep Ll and Gavalda, Ricard and Torres, Jordi},
  booktitle={CCGrid '11},
}

@article{kan2012eclass,
  title={EClass: An execution classification approach to improving the energy-efficiency of software via machine learning},
  author={Kan, Edward YY and Chan, Wing Kwong and Tse, TH},
  journal={Journal of Systems and Software},
  volume={85},
  year={2012},
}

@article{tang2015energy,
  title={Energy-Efficient Transmission Scheduling in Mobile Phones using Machine Learning and Participatory Sensing},
  author={Tang, Zaiyang and Guo, Song and Li, Peng and Miyazaki, Toshiaki and Jin, Hai and Liao, Xiaofei},
  journal={IEEE Transactions on Vehicular Technology},
  year={2015},
}
