@inproceedings{citeulike:13920330,
    author = {Gregg, Chris and Hazelwood, Kim},
    booktitle = {ISPASS},
    title = {Where is the data? Why you cannot debate {CPU} vs. {GPU} performance without the answer},
    year = {2011}
}

@inproceedings{citeulike:6102210,
    author = {Che, Shuai andothers},
    booktitle = {IISWC},
    title = {{Rodinia: A benchmark suite for heterogeneous computing}},
    year = {2009}
}

@inproceedings{citeulike:13920334,
    author = {Van Werkhoven and others},
    booktitle = {CCGrid},
    title = {Performance Models for {CPU}-{GPU} Data Transfers},
    year = {2014}
}

@inproceedings{citeulike:13920339,
    author = {Boyer, Megan and others},
    booktitle = {IPDPSW},
    title = {Improving {GPU} Performance Prediction with Data Transfer Modeling},
    year = {2013}
}

@article{citeulike:9715521,
    author = {G\'{o}mez-Luna and others},
    journal = {Journal of Parallel and Distributed Computing},
    title = {Performance models for asynchronous data transfers on consumer Graphics Processing Units},
    year = {2012}
}

@article{citeulike:13920353,
    author = {Liu, Bozhong and others},
    journal = {IJHPCA},
    title = {Software pipelining for graphic processing unit acceleration: Partition, scheduling and granularity},
    year = {2015}
}

@article{DBLP:journals/ieicet/InoNH13,
    author = {Ino, Fumihiko and others},
    journal = {{IEICE} Transactions},
    title = {GPU-Chariot: {A} Programming Framework for Stream Applications Running on Multi-GPU Systems},
    year = {2013}
}


@article{citeulike:2767438,
    author = {Owens, J. D. and others},
    booktitle = {IEEE},
    journal = {Proceedings of the IEEE},
    title = {{GPU Computing}},
    year = {2008}
}

@MISC{website:opencl_ref,
      AUTHOR = "{The Khronos OpenCL Working Group}",
      TITLE = "{OpenCL - The open standard for parallel programming of heterogeneous systems}",
      MONTH = "January",
      YEAR = 2016,
      HOWPUBLISHED = "\url{http://www.khronos.org/opencl/}"
}

@manual{tr:cuda:best,
	title = "CUDA C Best Practices Guide Version 7.0",
	author = "",
	organization = "NVIDIA Inc.",
	month = {March},
	year = {2015}
}

@manual{tr:hstreams:arch,
	title = "hStreams Architecture for MPSS 3.5",
	author = "Intel Inc.",
	organization = "",
	month = {April},
	year = {2015}
}

@book{citeulike:1102804,
    author = {Hennessy, John L. and Patterson, David A.},
    edition = {4},
    publisher = {Morgan Kaufmann},
    title = {Computer Architecture: A Quantitative Approach, 4th Edition},
    year = {2006}
}

@inproceedings{citeulike:11069829,
    author = {Adriaens, Jacob T. and others},
    booktitle = {HPCA},
    title = {The case for {GPGPU} spatial multitasking},
    year = {2012}
}

@techreport{WendeSteinkeCordes2014,
    address = {Takustr.7, 14195 Berlin},
    author = {Wende, Florian and others},
    citeulike-article-id = {13920397},
    institution = {ZIB},
    keywords = {multitasking},
    number = {14-19},
    posted-at = {2016-01-27 15:49:37},
    priority = {2},
    title = {Multi-threaded Kernel Offloading to {GPGPU} Using {Hyper-Q} on Kepler Architecture},
    year = {2014}
}


@incollection{citeulike:13920403,
    author = {Wende, Florian and others},
    booktitle = {Euro-Par '14},
    title = {Concurrent Kernel Execution on Xeon Phi within Parallel Heterogeneous Workloads},
}

@article{citeulike:13920415,
    address = {New York, NY, USA},
    author = {Mittal, Sparsh and Vetter, Jeffrey S.},
    journal = {ACM Comput. Surv.},
    title = {A Survey of {CPU}-{GPU} Heterogeneous Computing Techniques},
    year = {2015}
}

@inproceedings{citeulike:13920419,
    author = {Yang, Canqun and others},
    booktitle = {CLUSTER '10},
    title = {Adaptive Optimization for Petascale Heterogeneous {CPU}/{GPU} Computing},
}

@inproceedings{citeulike:13920423,
    author = {Yang, Chao and others},
    booktitle = {PPoPP '13},
    title = {A Peta-scalable {CPU}-{GPU} Algorithm for Global Atmospheric Simulations},
}

@inproceedings{citeulike:13920424,
    author = {Takizawa, Hiroyuki and others},
    booktitle = {IEEE Cluster Computing},
    title = {{SPRAT}: Runtime processor selection for energy-aware computing},
    year = {2008}
}


@inproceedings{citeulike:10176926,
    author = {Pienaar, Jacques A. and others},
    booktitle = {ICS '11},
    title = {{MDR}: Performance Model Driven Runtime for Heterogeneous Parallel Platforms},
}

@inproceedings{citeulike:3440815,
    author = {Narayanan, Ramanathan and others},
    booktitle = {IISWC},
    title = {{MineBench}: A Benchmark Suite for Data Mining Workloads},
    year = {2006}
}

@inproceedings{ipdpsw_newburn,
    abstract = {},
    author = {Narayanan, Ramanathan and others},
    booktitle = {Workload Characterization, 2006 IEEE International Symposium on},
    journal = {IISWC},
    year = {2006}
}

@article{citeulike:14070672,
    author = {Meswani, Mitesh R. and others},
    journal = {IJHPCA},
    title = {Modeling and predicting performance of high performance computing applications on hardware accelerators},
    year = {2013}
}

@article{citeulike:14133060,
    author = {Planas, Judit and Badia, Rosa M. and Ayguade, Eduard and Labarta, Jesus},
    journal = {Procedia Computer Science},
    title = {{AMA}: Asynchronous Management of Accelerators for Task-based Programming Models},
    year = {2015}
}

@incollection{citeulike:14133070,
    author = {Spafford, Kyle and others},
    booktitle = {Euro-Par '10},
    title = {Maestro: Data Orchestration and Tuning for {OpenCL} Devices},
}

@inproceedings{DBLP:conf/ipps/NewburnBWCPDSBL16,
  author    = {Chris J. Newburn and
               others},
  title     = {Heterogeneous Streaming},
  booktitle = {IPDPSW},
  year	    = {2016}
}

@inproceedings{DBLP:conf/ipps/LiFTCCY16,
  author    = {Zhaokui Li et al.
              },
  title     = {Evaluating the Performance Impact of Multiple Streams on the MIC-Based
               Heterogeneous Platform},
  booktitle = {{IPDPS} Workshops 2016},
  pages     = {1341--1350},
  year      = {2016},
  bibsource = {dblp computer science bibliography, http://dblp.org}
}

@inproceedings{DBLP:conf/npc/LiFTCY16,
  author    = {Zhaokui Li et al.},
  title     = {Streaming Applications on Heterogeneous Platforms},
  booktitle = {NPC'16},
}

@article{DBLP:journals/ppl/FangZLTCCY16,
  author    = {Jianbin Fang and
               others},
  title     = {Evaluating Multiple Streams on Heterogeneous Platforms},
  journal   = {Parallel Processing Letters},
  year      = {2016},
}


@inproceedings{DBLP:conf/ppopp/WangO09,
  author    = {Zheng Wang and
               Michael F. P. O'Boyle},
  title     = {Mapping parallelism to multi-cores: a machine learning based approach},
  booktitle = {PPoPP},
  year      = {2009},
}

@article{DBLP:journals/taco/WangGO14,
  author    = {Zheng Wang and
               others},
  title     = {Automatic and Portable Mapping of Data Parallel Programs to OpenCL
               for GPU-Based Heterogeneous Systems},
  journal   = {{ACM TACO}},
  year      = {2014},
}

@article{DBLP:journals/taco/WangO13,
  author    = {Zheng Wang and
               Michael F. P. O'Boyle},
  title     = {Using machine learning to partition streaming programs},
  journal   = {{ACM TACO}},
  year      = {2013},
}


@inproceedings{DBLP:conf/cf/BoyerSCJ13,
  author    = {Michael Boyer and
               others},
  title     = {Load balancing in a changing world: dealing with heterogeneity and
               performance variability},
  booktitle = {CF},
  year      = {2013},
}

@inproceedings{DBLP:conf/hipeac/GreweWO11,
  author    = {Dominik Grewe and
               others},
  title     = {A workload-aware mapping approach for data-parallel programs},
  booktitle = {HiPEAC},
  pages     = {117--126},
  year      = {2011},
}


@inproceedings{fursin2008milepost,
  title={MILEPOST GCC: machine learning based research compiler},
  author={Fursin, Grigori and others},
  booktitle={GCC Summit},
  year={2008}
}

@book{manly2004multivariate,
  title={Multivariate statistical methods: a primer},
  author={Manly, Bryan FJ},
  year={2004},
  publisher={CRC Press}
}

@inproceedings{DBLP:conf/cf/DubachCFFOT07,
  author    = {Christophe Dubach and others},
  title     = {Fast compiler optimisation evaluation using code-feature based performance
               prediction},
  booktitle = {CF},
  year      = {2007},
}

@article{DBLP:journals/jpdc/KashyapVNV17,
  author    = {Amlesh Kashyap and others},
  title     = {Asynchronous and synchronous models of executions on Intel\({}^{\mbox{{\textregistered}}}\)
               Xeon Phi{\texttrademark} coprocessor systems for high performance
               of long wave radiation calculations in atmosphere models},
  journal   = {J. Parallel Distrib. Comput.},
  year      = {2017},
}

@inproceedings{Werkhoven2014Performance,
  title={Performance Models for CPU-GPU Data Transfers},
  author={Werkhoven, B. Van and others},
  booktitle={CCGrid '14},
}


@inproceedings{Luk:2009:QEP:1669112.1669121,
 author = {Luk, Chi-Keung and others},
 title = {Qilin: Exploiting Parallelism on Heterogeneous Multiprocessors with Adaptive Mapping},
 booktitle = {MICRO'09},
}

@inproceedings{agakov2006using,
  title={Using machine learning to focus iterative optimization},
  author={Agakov, Felix and others},
  booktitle={CGO '06},
}

@inproceedings{wen2014smart,
  title={Smart multi-task scheduling for OpenCL programs on CPU/GPU heterogeneous platforms},
  author={Wen, Yuan and others},
  booktitle={HiPC '14},
}

@inproceedings{Delimitrou:2014:QRQ:2541940.2541941,
 author = {Delimitrou, Christina and Kozyrakis, Christos},
 title = {Quasar: Resource-efficient and QoS-aware Cluster Management},
 booktitle = {ASPLOS '14},
 year={2014},
}


@inproceedings{Lattner:2004:LCF:977395.977673,
 author = {Lattner, Chris and Adve, Vikram},
 title = {LLVM: A Compilation Framework for Lifelong Program Analysis \& Transformation},
 booktitle = {CGO '04},
}

@article{libsvm,
 author = {Chang, Chih-Chung and Lin, Chih-Jen},
 title = {LIBSVM: A Library for Support Vector Machines},
 journal = {ACM Trans. Intell. Syst. Technol.},
 year = {2011},
}

@article{scikitlearn,
 author = {Pedregosa, Fabian and others},
 title = {Scikit-learn: Machine Learning in Python},
 journal = {J. Mach. Learn. Res.},
 year = {2011},
}

@inproceedings{Cummins:2017:SBP:3049832.3049843,
 author = {Cummins, Chris and others},
 title = {Synthesizing Benchmarks for Predictive Modeling},
 booktitle = {CGO '17},
 year={2017},
}


@inproceedings{Tournavitis:2009:THA:1542476.1542496,
 author = {Tournavitis, Georgios and others},
 title = {Towards a Holistic Approach to Auto-parallelization: Integrating Profile-driven Parallelism Detection and Machine-learning Based Mapping},
 booktitle = {PLDI '09},
 year={2009},
}

@inproceedings{Wang:2009:MPM:1504176.1504189,
 author = {Wang, Zheng and O'Boyle, Michael F.P.},
 title = {Mapping Parallelism to Multi-cores: A Machine Learning Based Approach},
 booktitle = {PPoPP '09},
 year={2009},
}


@inproceedings{wang2010partitioning,
  title={Partitioning streaming parallelism for multi-cores: a machine learning based approach},
  author={Wang, Zheng and O'Boyle, Michael FP},
  booktitle={PACT '10},
  year={2010},
}

@inproceedings{wang2014exploitation,
  title={Exploitation of GPUs for the parallelisation of probably parallel legacy code},
  author={Wang, Zheng and others},
  booktitle={CC '14},
  year={2014},
}

@inproceedings{emani2013smart,
  title={Smart, adaptive mapping of parallelism in the presence of external workload},
  author={Emani, Murali Krishna and others},
  booktitle={CGO '13},
  year={2013},
}

@inproceedings{grewe2013opencl,
  title={OpenCL task partitioning in the presence of GPU contention},
  author={Grewe, Dominik and others},
  booktitle={LCPC '13},
  year={2013},
}

@inproceedings{grewe2011workload,
  title={A workload-aware mapping approach for data-parallel programs},
  author={Grewe, Dominik and others},
  booktitle={HiPEAC '11},
  year={2011},
}

@article{wang2014integrating,
  title={Integrating profile-driven parallelism detection and machine-learning-based mapping},
  author={Wang, Zheng and others},
  journal={ACM TACO},
  year={2014},
}

@article{wang2013using,
  title={Using machine learning to partition streaming programs},
  author={Wang, Zheng and O'boyle, Michael FP},
  journal={ACM TACO},
  year={2013},
}

@inproceedings{taylor2017adaptive,
  title={Adaptive optimization for OpenCL programs on embedded heterogeneous systems},
  author={Taylor, Ben and others},
  booktitle={LCTES '17},
  year={2017},
}

@inproceedings{marco2017improving,
  title={Improving spark application throughput via memory aware task co-location: a mixture of experts approach},
  author={Marco, Vicent Sanz and others},
  booktitle={Proceedings of the 18th ACM/IFIP/USENIX Middleware Conference},
  year={2017},
}

@inproceedings{cummins2017end,
  title={End-to-end Deep Learning of Optimization Heuristics},
  author={Cummins, Chris and others},
  booktitle={PACT '17},
  year={2017},
}

@inproceedings{ogilvie2017minimizing,
  title={Minimizing the cost of iterative compilation with active learning},
  author={Ogilvie, William F and others},
  booktitle={CGO '17},
  year={2017},
}

@inproceedings{ren2017optimise,
  title={Optimise web browsing on heterogeneous mobile platforms: a machine learning based approach},
  author={Ren, Jie and others},
  booktitle={INFOCOM '17},
  year={2017},
}

@inproceedings{ogilvie2014fast,
  title={Fast automatic heuristic construction using active learning},
  author={Ogilvie, William F and others},
  booktitle={LCPC '14},
  year={2014},
}

@inproceedings{ipdpsz18,
title = "Auto-tuning Streamed Applications on Intel Xeon Phi",
author = "Peng Zhang and and others",
booktitle = "IPDPS '18",
year={2018},
}

@article{mlcpieee,
title = "Machine Learning in Compiler Optimisation",
author = "Zheng Wang and Michael O'Boyle",
year = "2018",
journal = "Proc. IEEE",
}

@inproceedings{spmv,
title = "Adaptive Optimization of Sparse Matrix-Vector Multiplication on Emerging Many-Core Architectures",
author = "Shizhao Chen and others",
year = "2018",
booktitle = "HPCC '18",
}


@inproceedings{grewe2013portable,
  title={Portable mapping of data parallel programs to OpenCL for heterogeneous systems},
  author={Grewe, Dominik and others},
  booktitle={CGO},
  year={2013},
}
