@misc{mobilestat,
   author = {Smart Insights},
   year = {2016},
   title = {{Mobile Marketing Statistics compilation}},
   howpublished = {\url{http://www.smartinsights.com/}
}

@article{cao2017deconstructing,
  title={Deconstructing the Energy Consumption of the Mobile Page Load},
  author={Cao, Yi and Nejati, Javad and Wajahat, Muhammad and Balasubramanian, Aruna and Gandhi, Anshul},
  journal={Proceedings of the ACM on Measurement and Analysis of Computing Systems},
  volume={1},
  number={1},
  pages={6},
  year={2017},
  publisher={ACM}
}



@inproceedings{hoque2015poster,
  title={Poster: Extremely Parallel Resource Pre-Fetching for Energy Optimized Mobile Web Browsing},
  author={Hoque, Mohammad A and Tarkoma, Sasu and Anttila, Tuikku},
  booktitle={Proceedings of the 21st Annual International Conference on Mobile Computing and Networking},
  pages={236--238},
  year={2015},
  organization={ACM}
}

@inproceedings{bayhan2016mobile,
  title={Mobile Content Offloading in Database-Assisted White Space Networks},
  author={Bayhan, Suzan and Premsankar, Gopika and Di Francesco, Mario and Kangasharju, Jussi},
  booktitle={International Conference on Cognitive Radio Oriented Wireless Networks},
  pages={129--141},
  year={2016},
  organization={Springer}
}

@article{bayhanimproving,
  title={Improving Cellular Capacity with White Space Offloading},
  author={Bayhan, Suzan and Zheng, Liang and Chen, Jiasi and Di Francesco, Mario and Kangasharju, Jussi and Chiang, Mung}
}

@inproceedings{valerio2015offloading,
  title={Offloading cellular traffic with opportunistic networks: a feasibility study},
  author={Valerio, Lorenzo and Abdesslemy, F Ben and Lindgreny, A and Bruno, Raffaele and Passarella, Andrea and Luoto, Markus},
  booktitle={Ad Hoc Networking Workshop (MED-HOC-NET), 2015 14th Annual Mediterranean},
  pages={1--8},
  year={2015},
  organization={IEEE}
}

@inproceedings{nejati2016depth,
  title={An in-depth study of mobile browser performance},
  author={Nejati, Javad and Balasubramanian, Aruna},
  booktitle={Proceedings of the 25th International Conference on World Wide Web},
  pages={1305--1315},
  year={2016},
  organization={International World Wide Web Conferences Steering Committee}
}


@book{manly2016multivariate,
  title={Multivariate statistical methods: a primer},
  author={Manly, Bryan FJ and Alberto, Jorge A Navarro},
  year={2016},
  publisher={CRC Press}
}

@inproceedings{wen2014smart,
  title={Smart multi-task scheduling for OpenCL programs on CPU/GPU heterogeneous platforms},
  author={Wen, Yuan and Wang, Zheng and O'Boyle, Michael FP},
  booktitle={High Performance Computing (HiPC), 2014 21st International Conference on},
  pages={1--10},
  year={2014},
  organization={IEEE}
}

@inproceedings{sanz2017real,
  title={Real-time power cycling in video on demand data centres using online Bayesian prediction},
  author={Sanz Marco, Vicent and Wang, Zheng and Porter, Barry Francis},
  year={2017},
  booktitle={37th IEEE International Conference on Distributed Computing Systems (ICDCS)}
}

@article{taylor2017adaptive,
  title={Adaptive optimization for OpenCL programs on embedded heterogeneous systems},
  author={Taylor, Ben and Sanz Marco, Vicent and Wang, Zheng},
  year={2017},
  publisher={ACM}
}

@inproceedings{ren2016recon,
  title={Recon: Revealing and controlling pii leaks in mobile network traffic},
  author={Ren, Jingjing and Rao, Ashwin and Lindorfer, Martina and Legout, Arnaud and Choffnes, David},
  booktitle={Proceedings of the 14th Annual International Conference on Mobile Systems, Applications, and Services},
  pages={361--374},
  year={2016},
  organization={ACM}
}

@inproceedings{bui2015rethinking,
  title={Rethinking energy-performance trade-off in mobile web page loading},
  author={Bui, Duc Hoang and Liu, Yunxin and Kim, Hyosu and Shin, Insik and Zhao, Feng},
  booktitle={Proceedings of the 21st Annual International Conference on Mobile Computing and Networking},
  pages={14--26},
  year={2015},
  organization={ACM}
}

@book{dunteman1989principal,
  title={Principal components analysis},
  author={Dunteman, George H},
  number={69},
  year={1989},
}

@inproceedings{hemminger2005network,
  title={Network emulation with NetEm},
  author={Hemminger, Stephen and others},
  booktitle={Linux conf au},
  pages={18--23},
  year={2005},
}


@inproceedings{ren2016optimise,
  title={Optimise web browsing on heterogeneous mobile platforms: a machine learning based approach},
  author={Ren, Jie and Gao, Ling and Wang, Hai and Wang, Zheng},
  booktitle = "IEEE International Conference on Computer Communications (INFOCOM), 2017",

}

@inproceedings{Seo2015Big,
  title={Big or Little: A Study of Mobile Interactive Applications on an Asymmetric Multi-core Platform},
  author={Seo, Wonik and Im, Daegil and Choi, Jeongim and Huh, Jaehyuk},
  booktitle={IEEE International Symposium on Workload Characterization},
  pages={1-11},
  year={2015},
}

@article{kwok2001scaling,
  title={Scaling question answering to the web},
  author={Kwok, Cody and Etzioni, Oren and Weld, Daniel S},
  journal={ACM Transactions on Information Systems (TOIS)},
  volume={19},
  number={3},
  pages={242--262},
  year={2001},
}

@misc{arm,
   title = {big.LITTLE Technology},
   howpublished = {\url{http://www.arm.com/products/processors/technologies/biglittleprocessing}}
}

@misc{WebpageReplay,
   title = {Web page Replay},
   howpublished = {\url{http://www.github.com/chromium/web-page-replay}}
}

@article{d2016energy,
  title={Energy consumption and privacy in mobile Web browsing: Individual issues and connected solutions},
  author={D'Ambrosio, Salvatore and others},
  journal={Sustainable Computing: Informatics and Systems},
  year={2016},
}

@inproceedings{thiagarajan2012killed,
  title={Who killed my battery?: analyzing mobile browser energy consumption},
  author={Thiagarajan, Narendran and Aggarwal, Gaurav and Nicoara, Angela and Boneh, Dan and Singh, Jatinder Pal},
  booktitle={Proceedings of the 21st international conference on World Wide Web},
  pages={41--50},
  year={2012},
  organization={ACM}
}

@inproceedings{zhu2015event,
  title={Event-based scheduling for energy-efficient qos (eqos) in mobile web applications},
  author={Zhu, Yuhao and Halpern, Matthew and Reddi, Vijay Janapa},
  booktitle={High Performance Computer Architecture (HPCA), 2015 IEEE 21st International Symposium on},
  pages={137--149},
  year={2015},
  organization={IEEE}
}

@inproceedings{YZhu13,
  title={High-performance and energy-efficient mobile web browsing on big/little systems},
  author={Zhu, Yuhao and Reddi, Vijay Janapa},
  booktitle={High Performance Computer Architecture (HPCA2013), 2013 IEEE 19th International Symposium on},
  pages={13--24},
  year={2013},
  organization={IEEE}
}

@misc{governor,
   title = {Android CPUFreq Governors},
   howpublished = {\url{http://goo.gl/Mlr9U1}}
}

@misc{kotsiantis2007supervised,
  title={Supervised machine learning: A review of classification techniques},
  author={Kotsiantis, Sotiris B and Zaharakis, I and Pintelas, P},
  year={2007}
}

@book{vapnik1998statistical,
  title={Statistical learning theory},
  author={Vapnik, Vladimir Naumovich and Vapnik, Vlamimir},
  volume={1},
  year={1998},
}

@misc{alexa,
   title = {Alexa},
   howpublished = {\url{http://www.alexa.com/topsites}}
}


@misc{cputhrottling,
   title = {Intel powerclamp driver},
   howpublished = {\url{https://www.kernel.org/doc/Documentation/thermal}}
}

@inproceedings{imes2016bard,
  title={Bard: A unified framework for managing soft timing and power constraints},
  author={Imes, Connor and Hoffmann, Henry},
  booktitle={Embedded Computer Systems: Architectures, Modeling and Simulation (SAMOS), 2016 International Conference on},
  pages={31--38},
  year={2016},
  organization={IEEE}
}


@inproceedings{wang2012far,
  title={How far can client-only solutions go for mobile browser speed?},
  author={Wang, Zhen and Lin, Felix Xiaozhu and Zhong, Lin and Chishtie, Mansoor},
  booktitle={Proceedings of the 21st international conference on World Wide Web},
  pages={31--40},
  year={2012},
  organization={ACM}
}

@article{xu2004caching,
  title={Caching and prefetching for web content distribution},
  author={Xu, Jianliang and others},
  journal={Computing in science \& engineering},
  year={2004},
}

@inproceedings{qian2012web,
  title={Web caching on smartphones: ideal vs. reality},
  author={Qian, Feng and Quah, Kee Shen and Huang, Junxian and Erman, Jeffrey and Gerber, Alexandre and Mao, Zhuoqing and Sen, Subhabrata and Spatscheck, Oliver},
  booktitle={Proceedings of the 10th international conference on Mobile systems, applications, and services},
  pages={127--140},
  year={2012},
  organization={ACM}
}

@inproceedings{qian2014characterizing,
  title={Characterizing resource usage for mobile web browsing},
  author={Qian, Feng and Sen, Subhabrata and Spatscheck, Oliver},
  booktitle={Proceedings of the 12th annual international conference on Mobile systems, applications, and services},
  pages={218--231},
  year={2014},
  organization={ACM}
}

@article{zhao2015energy,
  title={Energy-aware web browsing on smartphones},
  author={Zhao, Bo and Hu, Wenjie and Zheng, Qiang and Cao, Guohong},
  journal={IEEE Transactions on Parallel and Distributed Systems},
  volume={26},
  number={3},
  pages={761--774},
  year={2015},
  publisher={IEEE}
}

@inproceedings{mai2012case,
  title={A case for parallelizing web pages},
  author={Mai, Haohui and others},
  booktitle={4th USENIX Workshop on Hot Topics in Parallelism},
  year={2012}
}

@misc{chrome,
   title = {{Chrome}},
   howpublished = {\url{https://www.google.com/chrome/}},
}

@misc{opensignalUK,
   title = {State of Mobile Networks: UK},
   howpublished = {\url{https://opensignal.com/reports/}},
}

@inproceedings{meyerovich2010fast,
  title={Fast and parallel webpage layout},
  author={Meyerovich, Leo A and Bodik, Rastislav},
  booktitle={Proceedings of the 19th international conference on World wide web},
  pages={711--720},
  year={2010},
  organization={ACM}
}
@inproceedings{cascaval2013zoomm,
  title={ZOOMM: a parallel web browser engine for multicore mobile devices},
  author={Cascaval, Calin and others},
  booktitle={ACM SIGPLAN Notices},
  year={2013},
}


@misc{nicoara2015system,
  title={System for analyzing mobile browser energy consumption},
  author={Nicoara, Angela and others},
  year={2015},
  month=mar # "~3",
  publisher={Google Patents},
  note={US Patent 8,971,819}
}

@inproceedings{asrese2016wepr,
  title={WePR: A Tool for Automated Web Performance Measurement},
  author={Asrese, Alemnew Sheferaw and Sarolahti, Pasi and Boye, Magnus and Ott, Jorg},
  booktitle={Globecom Workshops (GC Wkshps), 2016 IEEE},
  pages={1--6},
  year={2016},
  organization={IEEE}
}

@article{dong2012chameleon,
  title={Chameleon: a color-adaptive web browser for mobile OLED displays},
  author={Dong, Mian and Zhong, Lin},
  journal={IEEE Transactions on Mobile Computing},
  year={2012},
}

@inproceedings{gember2011comparative,
  title={A comparative study of handheld and non-handheld traffic in campus Wi-Fi networks},
  author={Gember, Aaron and others},
  booktitle={International Conference on Passive and Active Network Measurement},
  year={2011},
}

@inproceedings{hu2014energy,
  title={Energy optimization through traffic aggregation in wireless networks},
  author={Hu, Wenjie and Cao, Guohong},
  booktitle={IEEE International Conference on Computer Communications (INFOCOM)},
  pages={916--924},
  year={2014},
  organization={IEEE}
}


@inproceedings{li2016automated,
  title={Automated energy optimization of http requests for mobile applications},
  author={Li, Ding and Lyu, Yingjun and Gui, Jiaping and Halfond, William GJ},
  booktitle={IEEE/ACM 38th International Conference on Software Engineering (ICSE)},
  pages={249--260},
  year={2016},
  organization={IEEE}
}


@inproceedings{zhao2011reducing,
  title={Reducing the delay and power consumption of web browsing on smartphones in 3G networks},
  author={Zhao, Bo and others},
  booktitle={ICDCS '11},
}

@inproceedings{mohapatra1996line,
  title={On-line real-time task scheduling on partitionable multiprocessors},
  author={Mohapatra, Prasant and Ahn, ByungJun and Shi, Jian-Feng},
  booktitle={Parallel and Distributed Processing, 1996., Eighth IEEE Symposium on},
  pages={350--357},
  year={1996},
  organization={IEEE}
}

@inproceedings{zhang2002task,
  title={Task scheduling and voltage selection for energy minimization},
  author={Zhang, Yumin and Hu, Xiaobo Sharon and Chen, Danny Z},
  booktitle={Proceedings of the 39th annual Design Automation Conference},
  pages={183--188},
  year={2002},
  organization={ACM}
}

@article{eyerman2010probabilistic,
  title={Probabilistic job symbiosis modeling for SMT processor scheduling},
  author={Eyerman, Stijn and Eeckhout, Lieven},
  journal={ACM Sigplan Notices},
  volume={45},
  number={3},
  year={2010},
}

@article{augonnet2011starpu,
  title={StarPU: a unified platform for task scheduling on heterogeneous multicore architectures},
  author={Augonnet, C{\'e}dric and Thibault, Samuel and Namyst, Raymond and Wacrenier, Pierre-Andr{\'e}},
  journal={Concurrency and Computation: Practice and Experience},
  volume={23},
  number={2},
  pages={187--198},
  year={2011},
  publisher={Wiley Online Library}
}

@inproceedings{singh2013mapping,
  title={Mapping on multi/many-core systems: survey of current and emerging trends},
  author={Singh, Amit Kumar and Shafique, Muhammad and Kumar, Akash and Henkel, J{\"o}rg},
  booktitle={Proceedings of the 50th Annual Design Automation Conference},
  pages={1},
  year={2013},
  organization={ACM}
}

@inproceedings{grewe2011static,
  title={A static task partitioning approach for heterogeneous systems using OpenCL},
  author={Grewe, Dominik and O'Boyle, Michael FP},
  booktitle={CC '11},
}



@inproceedings{emani2013smart,
  title={Smart, adaptive mapping of parallelism in the presence of external workload},
  author={Emani, Murali Krishna and others},
  booktitle={CGO '13},
}

@inproceedings{shye2009into,
  title={Into the wild: studying real user activity patterns to guide power optimizations for mobile architectures},
  author={Shye, Alex and others},
  booktitle={Micro '09},
}

@inproceedings{berral2011adaptive,
  title={Adaptive scheduling on power-aware managed data-centers using machine learning},
  author={Berral, Josep Ll and others},
  booktitle={CCGrid '11},
}

@article{kan2012eclass,
  title={EClass: An execution classification approach to improving the energy-efficiency of software via machine learning},
  author={Kan, Edward YY and others},
  journal={Journal of Systems and Software},
  volume={85},
  year={2012},
}

@article{tang2015energy,
  title={Energy-Efficient Transmission Scheduling in Mobile Phones using Machine Learning and Participatory Sensing},
  author={Tang, Zaiyang and others},
  journal={IEEE Transactions on Vehicular Technology},
  year={2015},
}

@inproceedings{Xie:2017:AMW:3081333.3081367,
 author = {Xie, Xiufeng and Zhang, Xinyu and Zhu, Shilin},
 title = {Accelerating Mobile Web Loading Using Cellular Link Information},
 booktitle = {Proceedings of the 15th Annual International Conference on Mobile Systems, Applications, and Services},
 series = {MobiSys '17},
 year = {2017},
}
