@misc{mobilestat,
   title = {Mobile Marketing Statistics compilation},
   author = {Smart Insights},
   year = {2016},
   howpublished = {\url{http://www.smartinsights.com/}}
}

@inproceedings{thiagarajan2012killed,
  title={Who killed my battery?: analyzing mobile browser energy consumption},
  author={Thiagarajan, Narendran and others},
  booktitle={WWW '12},
  year = {2012}
}

@article{d2016energy,
  title={Energy consumption and privacy in mobile Web browsing: Individual issues and connected solutions},
  author={D'Ambrosio, Salvatore and others},
  journal={Sustainable Computing: Informatics and Systems},
  year={2016}
}

@inproceedings{cao2017deconstructing,
  title={Deconstructing the Energy Consumption of the Mobile Page Load},
  author={Cao, Yi and others},
  booktitle={SIGMETRICS '17},
  year = {2017}
}

@misc{arm,
   title = {big.LITTLE Technology},
   howpublished = {\url{https://developer.arm.com/technologies/big-little}},
     year = {2018}
}

@inproceedings{zhu2015event,
  title={Event-based scheduling for energy-efficient qos (eqos) in mobile web applications},
  author={Zhu, Yuhao and others},
  booktitle={HPCA '15},
  year = {2015}
}

@misc{alexa,
   title = {Alexa},
   howpublished = {\url{http://www.alexa.com/topsites}},
  year = {2017}
}


@inproceedings{YZhu13,
  title={High-performance and energy-efficient mobile web browsing on big/little systems},
  author={Zhu, Yuhao and Reddi, Vijay Janapa},
  booktitle={HPCA '13},
  year = {2013}
}

@inproceedings{ren2016optimise,
  title={Optimise web browsing on heterogeneous mobile platforms: a machine learning based approach},
  author={Ren, Jie and others},
  booktitle = {INFOCOM '17},
  year = {2017}
}

@misc{chrome,
   title = {{Chrome}},
   howpublished = {\url{https://www.google.com/chrome/}},
   year = {2018}
}

@article{kwok2001scaling,
  title={Scaling question answering to the web},
  author={Kwok, Cody and Etzioni, Oren and Weld, Daniel S},
  journal={ACM TOIS},
  year={2001}
}

@inproceedings{Seo2015Big,
  title={Big or Little: A Study of Mobile Interactive Applications on an Asymmetric Multi-core Platform},
  author={Seo, Wonik and others},
  booktitle={IISWC '15},
  year = {2015}
}

@book{vapnik1998statistical,
  title={Statistical learning theory},
  author={Vapnik, Vladimir Naumovich and Vapnik, Vlamimir},
  volume={1},
  year={1998}
}

@misc{opensignalUK,
   title = {State of Mobile Networks: UK},
   howpublished = {\url{https://opensignal.com/reports/}},
	  year={2017}
}

@inproceedings{hemminger2005network,
  title={Network emulation with NetEm},
  author={Hemminger, Stephen and others},
  booktitle={Linux conf au},
  pages={18--23},
  year={2005}
}

@misc{kotsiantis2007supervised,
  title={Supervised machine learning: A review of classification techniques},
  author={Kotsiantis, Sotiris B and others},
  year={2007}
}

@inproceedings{nejati2016depth,
  title={An in-depth study of mobile browser performance},
  author={Nejati, Javad and Balasubramanian, Aruna},
  booktitle={WWW '15},
  year = {2015}
}

@inproceedings{asrese2016wepr,
  title={WePR: A Tool for Automated Web Performance Measurement},
  author={Asrese, Alemnew Sheferaw and others},
  booktitle={Globecom Workshops '16},
  year = {2016}
}

@book{dunteman1989principal,
  title={Principal components analysis},
  author={Dunteman, George H},
  number={69},
  year={1989}
}

@article{Charland,
 author = {Charland, Andre and Leroux, Brian},
 title = {Mobile Application Development: Web vs. Native},
 journal = {Commun. ACM},
 year = {2011}
}


@book{manly2016multivariate,
  title={Multivariate statistical methods: a primer},
  author={Manly, Bryan FJ and Alberto, Jorge A Navarro},
  year={2016},
  publisher={CRC Press}
}

@inproceedings{meyerovich2010fast,
  title={Fast and parallel webpage layout},
  author={Meyerovich, Leo A and Bodik, Rastislav},
  booktitle={WWW '10},
  year = {2010}
}

@inproceedings{imes2016bard,
  title={Bard: A unified framework for managing soft timing and power constraints},
  author={Imes, Connor and Hoffmann, Henry},
  booktitle={SAMOS '16},
  year = {2016}


}

@misc{cputhrottling,
   title = {Intel powerclamp driver},
   howpublished = {\url{https://www.kernel.org/doc/Documentation/thermal}},
  year = {2017}
}

@inproceedings{wang2012far,
  title={How far can client-only solutions go for mobile browser speed?},
  author={Wang, Zhen and others},
  booktitle={WWW '12},
  year = {2012}
}

@inproceedings{qian2012web,
  title={Web caching on smartphones: ideal vs. reality},
  author={Qian, Feng and others},
  booktitle={MobiSys '12},
  year = {2012}
}

@inproceedings{qian2014characterizing,
  title={Characterizing resource usage for mobile web browsing},
  author={Qian, Feng and others},
  booktitle={MobiSys '14},
  year = {2014}
}

@article{zhao2015energy,
  title={Energy-aware web browsing on smartphones},
  author={Zhao, Bo and others},
  journal={IEEE TPDS},
  year={2015}
}

@inproceedings{mai2012case,
  title={A case for parallelizing web pages},
  author={Mai, Haohui and others},
  booktitle={HotPar '12},
  year = {2012}
}

@inproceedings{Xie:2017:AMW:3081333.3081367,
 author = {Xie, Xiufeng and others},
 title = {Accelerating Mobile Web Loading Using Cellular Link Information},
 booktitle = {MobiSys '17},
  year = {2017}
}

@inproceedings{bui2015rethinking,
  title={Rethinking energy-performance trade-off in mobile web page loading},
  author={Bui, Duc Hoang and others},
  booktitle={MobiCom '15},
  year = {2015}
}

@inproceedings{mohapatra1996line,
  title={On-line real-time task scheduling on partitionable multiprocessors},
  author={Mohapatra, Prasant and others},
  booktitle={SPDP},
  year={1996},
  organization={IEEE}
}

@inproceedings{zhang2002task,
  title={Task scheduling and voltage selection for energy minimization},
  author={Zhang, Yumin and others},
  booktitle={DAC '02},
  year = {2002}
}

@article{eyerman2010probabilistic,
  title={Probabilistic job symbiosis modeling for SMT processor scheduling},
  author={Eyerman, Stijn and Eeckhout, Lieven},
  journal={ACM Sigplan Notices},
  volume={45},
  number={3},
  year={2010}
}

@article{augonnet2011starpu,
  title={StarPU: a unified platform for task scheduling on heterogeneous multicore architectures},
  author={Augonnet, C{\'e}dric and others},
  journal={Concurrency and Computation: Practice and Experience},
  volume={23},
  number={2},
  pages={187--198},
  year={2011},
  publisher={Wiley Online Library}
}

@inproceedings{singh2013mapping,
  title={Mapping on multi/many-core systems: survey of current and emerging trends},
  author={Singh, Amit Kumar and others},
  booktitle={DAC '13},
  year = {2013}
}


@inproceedings{hu2014energy,
  title={Energy optimization through traffic aggregation in wireless networks},
  author={Hu, Wenjie and Cao, Guohong},
  booktitle={INFOCOM '14},
  year = {2014}
}

@inproceedings{valerio2015offloading,
  title={Offloading cellular traffic with opportunistic networks: a feasibility study},
  author={Valerio, Lorenzo and others},
  booktitle={MED-HOC-NET '15},
  year = {2015}
}


@inproceedings{bayhan2016mobile,
  title={Mobile Content Offloading in Database-Assisted White Space Networks},
  author={Bayhan, Suzan and others},
  booktitle={CROWNCOM '16},
  year = {2016}
}


@inproceedings{li2016automated,
  title={Automated energy optimization of http requests for mobile applications},
  author={Li, Ding and others},
  booktitle={ICSE '16},
  year = {2016}
}

@inproceedings{bayhanimproving,
  title={Improving Cellular Capacity with White Space Offloading},
  author={Bayhan, Suzan and others},
  booktitle={WiOpt '17},
  year = {2017}
}

@inproceedings{hoque2015poster,
  title={Poster: Extremely Parallel Resource Pre-Fetching for Energy Optimized Mobile Web Browsing},
  author={Hoque, Mohammad A and others},
  booktitle={MobiCom '15},
  year = {2015}
}

@inproceedings{sanz2017real,
  title={Real-time power cycling in video on demand data centres using online Bayesian prediction},
  author={Sanz Marco, Vicent and others},
  booktitle={ICDCS '17},
  year = {2017}
}

@inproceedings{ren2016recon,
  title={Recon: Revealing and controlling pii leaks in mobile network traffic},
  author={Ren, Jingjing and others},
  booktitle={MobiSys '16},
  year = {2016}
}

@inproceedings{taylor2017adaptive,
  title={Adaptive optimization for OpenCL programs on embedded heterogeneous systems},
  author={Taylor, Ben and others},
  booktitle={LCTES '17},
  year = {2017}
}


@inproceedings{wen2014smart,
  title={Smart multi-task scheduling for OpenCL programs on CPU/GPU heterogeneous platforms},
  author={Wen, Yuan and others},
  booktitle={HiPC '14},
  year = {2014}
}

@online{WebpageReplay,
   title = {Web Page Replay},
   howpublished = {\url{https://github.com/catapult-project/catapult/tree/master/web_page_replay_go}},
  year = {2015}
}
